@inbook{birthofprolog,
 author = {Colmerauer, Alain and Roussel, Philippe},
 title = {The birth of Prolog},
 book = {History of programming languages---II},
 year = {1996},
 isbn = {0-201-89502-1},
 pages = {331--367},
 doi = {http://doi.acm.org/10.1145/234286.1057820},
 publisher = {ACM},
 address = {New York, NY, USA},
 }
@book{ Marcus,
       author = "Marcus, Mitchell P.",
       title = "A Theory of syntactic Recognition for Natural Languages",
       publisher = "Massachusetts Institute of Technology",
       address = "Cambridge, Massachusetts",
       year = "1980"}
@book{ Jurafsky,
       author = "Jurafsky, Daniel and Martin, James H.",
       title = "Speech and Language Processing: An introduction to Natural Language Processing , Computational Linguistics, and Speech Recognition",
       publisher = "Prentice Hall",
       address = "Upper Saddle River, New Jersey",
       year = "2000" }
@article{ Markov,
       author = "Markov, Andrey Andreevich",
       title =  "The Theory of Algorithms.",
       journal = "American Mathematical Society Translations",
       volume =  "series 2",
       pages = "15, 1--14",
       year =  "1960" }
@article{ Rayner,
       author = "Rayner, Manny et al.",
       title =  "Do CFG-Based Language Models Need Agreement Constraints?",
       journal = "ACL",
       year = "2000"
       }
@article{DCGNLA,
 author = {Pereira, F and Warren, D},
 title = {Definite clause grammars for language analysis},
 book = {Readings in natural language processing},
 year = {1986},
 isbn = {0-934613-11-7},
 pages = {101--124},
 publisher = {Morgan Kaufmann Publishers Inc.},
 address = {San Francisco, CA, USA},
 }

@inproceedings{ Tomita,
 author = "Tomita, Masaru",
 title = "{LR parsers for natural languages}",
 booktitle = "ACL-22: Proceedings of the 10th International Conference on Computational Linguistics  and 22nd annual meeting on Association for Computational Linguistics",
 year = "1984",
 pages = "354--357",
 location = "Stanford, California",
 doi = "http://dx.doi.org/10.3115/980431.980564",
 publisher = "Association for Computational Linguistics",
 address = "Morristown, NJ, USA",
 }
@inproceedings{ Peters,
 author = "Peters, P. Stanley and Ritchie, Robert W.",
 title = "Context-sensitive immediate constituent analysis---context-free languages revisited",
 booktitle = "STOC '69: Proceedings of the first annual ACM symposium on Theory of computing",
 year = "1969",
 pages = "1--8",
 location = "Marina del Rey, California, United States",
 doi = "http://doi.acm.org/10.1145/800169.805414",
 publisher = "ACM",
 address = "New York, NY, USA",
 }
